@online{MisixNetflix,
  author = {Misix},
  title = {Curtain Call: Netflix vs. America’s Movie Theaters},
  year = 2016,
  url = {https://misix.com/curtain-call-netflix-vs-americas-movie-theaters},
}



@online{MovieLens,
  author = {MovieLens inc.},
  title = {MovieLens website},
  year = 2016,
  url = {https://movielens.org/},
}

@online{GroupLens,
  author = {GroupLens Research},
  title = {MovieLens dataset},
  year = 2016,
  url = {http://grouplens.org/datasets/movielens},
}




@online{VarietyNetflixBandwidth,
  author = {Todd Spangler, Variety},
  title = {Netflix Bandwidth Usage Climbs to Nearly 37\% of Internet Traffic at Peak Hours},
  year = 2015,
  url = {http://variety.com/2015/digital/news/netflix-bandwidth-usage-internet-traffic-1201507187},
}


@online{FacebookStats,
  author = {Craig Smith, DMR},
  title = {Netflix Bandwidth Usage Climbs to Nearly 37\% of Internet Traffic at Peak Hours},
  year = 2016,
  url = {http://expandedramblings.com/index.php/by-the-numbers-17-amazing-facebook-stats},
}

@inproceedings{dooms2013movietweetings,
  title={Movietweetings: a movie rating dataset collected from twitter},
  author={Dooms, Simon and De Pessemier, Toon and Martens, Luc},
  booktitle={Workshop on Crowdsourcing and human computation for recommender systems, CrowdRec at RecSys},
  volume={2013},
  pages={43},
  year={2013}
}


@inproceedings{Ekstrand:2011:RRR:2043932.2043958,
 author = {Ekstrand, Michael D. and Ludwig, Michael and Konstan, Joseph A. and Riedl, John T.},
 title = {Rethinking the Recommender Research Ecosystem: Reproducibility, Openness, and LensKit},
 booktitle = {Proceedings of the Fifth ACM Conference on Recommender Systems},
 series = {RecSys '11},
 year = {2011},
 isbn = {978-1-4503-0683-6},
 location = {Chicago, Illinois, USA},
 pages = {133--140},
 numpages = {8},
 url = {http://doi.acm.org/10.1145/2043932.2043958},
 doi = {10.1145/2043932.2043958},
 acmid = {2043958},
 publisher = {ACM},
 address = {New York, NY, USA},
 keywords = {evaluation, implementation, recommender systems},
} 


@INPROCEEDINGS{5575081, 
author={K. R. Kim and J. H. Lee and J. H. Byeon and N. M. Moon}, 
booktitle={Multimedia and Ubiquitous Engineering (MUE), 2010 4th International Conference on}, 
title={Recommender System Using the Movie Genre Similarity in Mobile Service}, 
year={2010}, 
pages={1-6}, 
keywords={pattern clustering;recommender systems;genre similarity;k-mean clustering;mobile service;recommender system;Collaboration;Correlation;Mobile communication;Mobile handsets;Motion pictures;Recommender systems}, 
doi={10.1109/MUE.2010.5575081}, 
month={Aug},}